@Article{BucklesHungerman2013,
  author={Kasey S. Buckles and Daniel M. Hungerman},
  title={{Season of Birth and Later Outcomes: Old Questions, New Answers}},
  journal={The Review of Economics and Statistics},
  year=2013,
  volume={95},
  number={3},
  pages={711-724},
  month={July}
}

@Article{Canchoetal2007,
  author={Ram{\'o}n Cancho-Candela and Andr{\'e}s-de Llano, Jes{\'u}s Mar{\'i}a and Julio Ardura-Fern{\'a}ndez},
  title={{Decline and Loss of Birth Seasonality in Spain: Analysis of 33 421 731 Births over 60 Years}},
  journal={Journal of Epidemiology and Community Health},
  year=2007,
  volume={61},
  number={8},
  pages={713-718}
}

@Article{GansLeigh2009,
  author={Gans, Joshua S. and Leigh, Andrew},
  title={{Born on the first of July: An (un)natural experiment in birth timing}},
  journal={Journal of Public Economics},
  year=2009,
  volume={93},
  number={1-2},
  pages={246-263},
  month={February}
}

@Article{LaLumiaetal2015,
  author={Sara LaLumia and James M. Sallee and Nicholas Turner},
  title={{New Evidence on Taxes and the Timing of Birth}},
  journal={American Economic Journal: Economic Policy},
  year=2015,
  volume={7},
  number={2},
  pages={258-93},
  month={May}
}


@TechReport{Shigeoka2015,
  author={Hitoshi Shigeoka},
  title={{School Entry Cutoff Date and the Timing of Births}},
  year=2015,
  month=Jul,
  institution={National Bureau of Economic Research, Inc},
  type={NBER Working Papers},
  number={21402}
}

@TechReport{AlbaCaceres2014,
  author={Alfonso Alba and Julio C{\'a}ceres-Delpiano},
  title={{Season of birth and mother and child characteristics : evidence from Spain and Chile}},
  year=2014,
  month=Oct,
  institution={Universidad Carlos III, Departamento de Econom{\'i}a},
  type={Economics Working Papers},
  number={we1423}
}

@techreport{Martinetal2015,
    title =       {{Births: Final Data for 2013}},
    author =      {Joyce A. Martin and Brady E. Hamilton and Michelle J.K. Osterman and Sally C. Curtin and T.J. Mathews},
    institution = {National Vital Statistics, Division of Vital Statistics},
    year        = {2015},
    type        = {National Vital Statistics Report},
    number      = {Vol 64, No 1},
    month       = {January}
}

@techreport{MenackerMartin2005,
    title =       {{Expanded Health Data From the New Birth Certificate}},
    author =      {F Menacker and Joyce A. Martin},
    institution = {National Center for Health Statistics},
    year        = {2005},
    type        = {National Vital Statistics Report},
    number      = {Vol 56, No 13}
}

@techreport{NCHS2000,
    title =       {{Report of the Panel to Evaluate the U.S. Standard Certificates}},
    author =      {{NCHS}},
    institution = {Division of Vital Statistics National Center for Health Statistics},
    year        = {2000},
    month       = {April}
}

@techreport{INE2013,
    title =       {{Estad\'isticas del Movimiento Natural de la Poblaci\'on}},
    author =      {{INE}},
    institution = {Instituto Nacional de Estad\'istica},
    year        = {2013},
    type        = {Metodolog\'ia},
    month       = {June}
}

@Article{Voseetal2014,
    title   =   {{Improved Historical Temperature and Precipitation Time Series for U.S. Climate Divisions}},
    author  =  {Russell S. Vose and Scott Applequist and Mike Squires and Imke Durre and Matthew J. Menne and Williams, Jr., Claude N. and Chris Feinmore and Karin Gleason and Derek Arndt},
    journal =  {Journal of Applied Meteorology and Climatology},
    year    = 2014,
    volume  = 53,
    number  = 5,
    month   = {May},
    pages   = {1232-1251}
}